@InProceedings{ 6424707,
	author = "B. Wulff and A. Fecke",
	booktitle = "Multimedia (ISM), 2012 IEEE International Symposium on",
	title = "LectureSight - An Open Source System for Automatic Camera Control in Lecture Recordings",
	year = "Dec.",
	pages = "461--466",
	keywords = "cameras, image motion analysis, image segmentation, object tracking, public domain software, video recording, LectureSight, automatic camera control, biologically inspired scene segmentation technique, body part segmentation, lecture recordings, moving object detection, object tracker module, open source system, scriptable virtual director module, Cameras, Hardware, Head, Image analysis, Prototypes, Real-time systems, Tracking, camera control, gpu, lecture recording, opencl, people tracking",
	doi = "10.1109/ISM.2012.94"
}

@Article{ alliance2007osgi,
	title = "OSGi Service Platform, Core Specification, Release 4, Version 4.1",
	author = "O.S.G. Alliance",
	journal = "OSGi Specification",
	year = "2007"
}

